@misc{LaTeX,
  url = {https://www.latex-project.org/},
  title = { LaTeX },
  date = {2022},
  abstractNote = {LaTeX is a high-quality typesetting system; it includes
                  features designed for the production of technical and
                  scientific documentation.},
}
